%%% Chapter 1 Citations %%%%%%%%%%%%%%%%%%%%%%%%%%%%%%%%%%%%%%%%%%%%%%%%%%%%
@inproceedings{marder2010office,
  title={The office marathon: Robust navigation in an indoor office environment},
  author={Marder-Eppstein, E. and Berger, E. and Foote, T. and Gerkey, B. and Konolige, K.},
  booktitle={2010 IEEE international conference on robotics and automation},
  pages={300--307},
  year={2010},
  organization={IEEE},
  keywords={non-self-pub}
}
@article{laguela2015aerial,
  title={Aerial thermography from low-cost UAV for the generation of thermographic digital terrain models},
  author={Lag{\"u}ela, S. and D{\'\i}az, L. and Roca, D. and Lorenzo, H. and others},
  journal={Opto-Electronics Review},
  volume={23},
  number={1},
  pages={78--84},
  year={2015},
  publisher={De Gruyter},
  keywords={non-self-pub}
}
@article{vidal2017hybrid,
  title={Hybrid, frame and event based visual inertial odometry for robust, autonomous navigation of quadrotors},
  author={Vidal, A. R. and Rebecq, H. and Horstschaefer, T. and Scaramuzza, D.},
  journal={arXiv preprint arXiv:1709.06310},
  year={2017},
  keywords={non-self-pub}
}
@inproceedings{viragh2016self,
  title={Self-organized UAV traffic in realistic environments},
  author={Vir{\'a}gh, C. and Nagy, M. and Gershenson, C. and V{\'a}s{\'a}rhelyi, G.},
  booktitle={2016 IEEE/RSJ international conference on intelligent robots and systems (IROS)},
  pages={1645--1652},
  year={2016},
  organization={IEEE},
  keywords={non-self-pub}
}
@article{villa2016overview,
  title={An overview of small unmanned aerial vehicles for air quality measurements: Present applications and future prospectives},
  author={Villa, T. F. and Gonzalez, F. and Miljievic, B. and Ristovski, Z. D. and Morawska, L.},
  journal={Sensors},
  volume={16},
  number={7},
  pages={1072},
  year={2016},
  publisher={MDPI},
  keywords={non-self-pub}
}
@article{faigl2018surveillance,
  title={Surveillance planning with B{\'e}zier curves},
  author={Faigl, J. and V{\'a}{\v{n}}a, P.},
  journal={IEEE Robotics and Automation Letters},
  volume={3},
  number={2},
  pages={750--757},
  year={2018},
  publisher={IEEE},
  keywords={non-self-pub}
}
@inproceedings{nikolic2013uav,
  title={A UAV system for inspection of industrial facilities},
  author={Nikolic, J. and Burri, M. and Rehder, J. and Leutenegger, S. and Huerzeler, C. and Siegwart, R.},
  booktitle={2013 IEEE Aerospace Conference},
  pages={1--8},
  year={2013},
  organization={IEEE},
  keywords={non-self-pub}
}
@article{tsouros2019review,
  title={A review on UAV-based applications for precision agriculture},
  author={Tsouros, D. C. and Bibi, S. and Sarigiannidis, P. G.},
  journal={Information},
  volume={10},
  number={11},
  pages={349},
  year={2019},
  publisher={MDPI},
  keywords={non-self-pub}
}
@inproceedings{huang2018act,
  title={Act: An autonomous drone cinematography system for action scenes},
  author={Huang, C. and Gao, F. and Pan, J. and Yang, Z. and Qiu, W. and Chen, P. and Yang, X. and Shen, S. and Cheng, K. T.},
  booktitle={2018 ieee international conference on robotics and automation (icra)},
  pages={7039--7046},
  year={2018},
  organization={IEEE},
  keywords={non-self-pub}
}
@inproceedings{hrabar2011reactive,
  title={Reactive obstacle avoidance for rotorcraft uavs},
  author={Hrabar, S.},
  booktitle={2011 IEEE/RSJ International Conference on Intelligent Robots and Systems},
  pages={4967--4974},
  year={2011},
  organization={IEEE},
  keywords={non-self-pub}
}
@inproceedings{engel2014lsd,
  title={LSD-SLAM: Large-scale direct monocular SLAM},
  author={Engel, J. and Sch{\"o}ps, T. and Cremers, D.},
  booktitle={Computer Vision--ECCV 2014: 13th European Conference, Zurich, Switzerland, September 6-12, 2014, Proceedings, Part II 13},
  pages={834--849},
  year={2014},
  organization={Springer},
  keywords={non-self-pub}
}
@inproceedings{ok2013path,
  title={Path planning with uncertainty: Voronoi uncertainty fields},
  author={Ok, K. and Ansari, S. and Gallagher, B. and Sica, W. and Dellaert, F. and Stilman, M.},
  booktitle={2013 IEEE International Conference on Robotics and Automation},
  pages={4596--4601},
  year={2013},
  organization={IEEE},
  keywords={non-self-pub}
}
@inproceedings{forster2014svo,
  title={SVO: Fast semi-direct monocular visual odometry},
  author={Forster, C. and Pizzoli, M. and Scaramuzza, D.},
  booktitle={2014 IEEE international conference on robotics and automation (ICRA)},
  pages={15--22},
  year={2014},
  organization={IEEE},
  keywords={non-self-pub}
}
@inproceedings{mueller2016persistent,
  title={Persistent aerial tracking system for uavs},
  author={Mueller, M. and Sharma, G. and Smith, N. and Ghanem, B.},
  booktitle={2016 IEEE/RSJ International Conference on Intelligent Robots and Systems (IROS)},
  pages={1562--1569},
  year={2016},
  organization={IEEE},
  keywords={non-self-pub}
}
@article{wood2012progress,
  title={Progress on ‘pico’air vehicles},
  author={Wood, R. J. and Finio, B. and Karpelson, M. and Ma, K. and P{\'e}rez-Arancibia, N. O. and Sreetharan, P. S. and Tanaka, H. and Whitney, J. P.},
  journal={The International Journal of Robotics Research},
  volume={31},
  number={11},
  pages={1292--1302},
  year={2012},
  publisher={SAGE Publications Sage UK: London, England},
  keywords={non-self-pub}
}
@article{floreano2015science,
  title={Science, technology and the future of small autonomous drones},
  author={Floreano, D. and Wood, R. J.},
  journal={nature},
  volume={521},
  number={7553},
  pages={460--466},
  year={2015},
  publisher={Nature Publishing Group UK London},
  keywords={non-self-pub}
}
@article{graule2016perching,
  title={Perching and takeoff of a robotic insect on overhangs using switchable electrostatic adhesion},
  author={Graule, M. A. and Chirarattananon, P. and Fuller, S. B. and Jafferis, N. T. and Ma, K. Y. and Spenko, M. and Kornbluh, R. and Wood, R. J.},
  journal={Science},
  volume={352},
  number={6288},
  pages={978--982},
  year={2016},
  publisher={American Association for the Advancement of Science},
  keywords={non-self-pub}
}
@article{garrido2014automatic,
  title={Automatic generation and detection of highly reliable fiducial markers under occlusion},
  author={Garrido-Jurado, S. and Mu{\~n}oz-Salinas, R. and Madrid-Cuevas, F. J. and Mar{\'\i}n-Jim{\'e}nez, M. J.},
  journal={Pattern Recognition},
  volume={47},
  number={6},
  pages={2280--2292},
  year={2014},
  publisher={Elsevier},
  keywords={non-self-pub}
}
@inproceedings{meier2011pixhawk,
  title={Pixhawk: A system for autonomous flight using onboard computer vision},
  author={Meier, L. and Tanskanen, P. and Fraundorfer, F. and Pollefeys, M.},
  booktitle={2011 IEEE International Conference on Robotics and Automation},
  pages={2992--2997},
  year={2011},
  organization={IEEE},
  keywords={non-self-pub}
}
@inproceedings{meier2015px4,
  title={PX4: A node-based multithreaded open source robotics framework for deeply embedded platforms},
  author={Meier, L. and Honegger, D. and Pollefeys, M.},
  booktitle={2015 IEEE international conference on robotics and automation (ICRA)},
  pages={6235--6240},
  year={2015},
  organization={IEEE},
  keywords={non-self-pub}
}
@article{koubaa2019micro,
  title={Micro air vehicle link (mavlink) in a nutshell: A survey},
  author={Koub{\^a}a, A. and Allouch, A. and Alajlan, M. and Javed, Y. and Belghith, A. and Khalgui, M.},
  journal={IEEE Access},
  volume={7},
  pages={87658--87680},
  year={2019},
  publisher={IEEE},
  keywords={non-self-pub}
}
%%%%%%%%%%%%%%%%%%%%%%%%%%%%%%%%%%%%%%%%%%%%%%%%%%%%

%%% Chapter 2 Citations %%%%%%%%%%%%%%%%%%%%%%%%%%%%%%%%%%%%%%%%%%%%%%%%%%%%
@article{tal2020accurate,
  title={Accurate tracking of aggressive quadrotor trajectories using incremental nonlinear dynamic inversion and differential flatness},
  author={Tal, E. and Karaman, S.},
  journal={IEEE Transactions on Control Systems Technology},
  volume={29},
  number={3},
  pages={1203--1218},
  year={2020},
  publisher={IEEE},
  keywords={non-self-pub}
}
@article{faessler2017differential,
  title={Differential flatness of quadrotor dynamics subject to rotor drag for accurate tracking of high-speed trajectories},
  author={Faessler, M. and Franchi, A. and Scaramuzza, D.},
  journal={IEEE Robotics and Automation Letters},
  volume={3},
  number={2},
  pages={620--626},
  year={2017},
  publisher={IEEE},
  keywords={non-self-pub}
}
@article{kai2017nonlinear,
  title={Nonlinear feedback control of quadrotors exploiting first-order drag effects},
  author={Kai, J. M. and Allibert, G. and Hua, M. D. and Hamel, T.},
  journal={IFAC-PapersOnLine},
  volume={50},
  number={1},
  pages={8189--8195},
  year={2017},
  publisher={Elsevier},
  keywords={non-self-pub}
}
@inproceedings{mellinger2011minimum,
  title={Minimum snap trajectory generation and control for quadrotors},
  author={Mellinger, D. and Kumar, V.},
  booktitle={2011 IEEE international conference on robotics and automation},
  pages={2520--2525},
  year={2011},
  organization={IEEE},
  keywords={non-self-pub}
}
@inproceedings{richter2016polynomial,
  title={Polynomial trajectory planning for aggressive quadrotor flight in dense indoor environments},
  author={Richter, C. and Bry, A. and Roy, N.},
  booktitle={Robotics Research: The 16th International Symposium ISRR},
  pages={649--666},
  year={2016},
  organization={Springer},
  keywords={non-self-pub}
}
@article{sun2022comparative,
  title={A comparative study of nonlinear mpc and differential-flatness-based control for quadrotor agile flight},
  author={Sun, S. and Romero, A. and Foehn, P. and Kaufmann, E. and Scaramuzza, D.},
  journal={IEEE Transactions on Robotics},
  volume={38},
  number={6},
  pages={3357--3373},
  year={2022},
  publisher={IEEE},
  keywords={non-self-pub}
}
@inproceedings{falanga2018pampc,
  title={PAMPC: Perception-aware model predictive control for quadrotors},
  author={Falanga, D. and Foehn, P. and Lu, P. and Scaramuzza, D.},
  booktitle={2018 IEEE/RSJ International Conference on Intelligent Robots and Systems (IROS)},
  pages={1--8},
  year={2018},
  organization={IEEE},
  keywords={non-self-pub}
}
@article{van1998real,
  title={Real-time trajectory generation for differentially flat systems},
  author={Van Nieuwstadt, M. J. and Murray, R. M.},
  journal={International Journal of Robust and Nonlinear Control: IFAC-Affiliated Journal},
  volume={8},
  number={11},
  pages={995--1020},
  year={1998},
  publisher={Wiley Online Library},
  keywords={non-self-pub}
}
@inproceedings{khatoon2014pid,
  title={PID \& LQR control for a quadrotor: Modeling and simulation},
  author={Khatoon, S. and Gupta, D. and Das, L.},
  booktitle={2014 international conference on advances in computing, communications and informatics (ICACCI)},
  pages={796--802},
  year={2014},
  organization={IEEE},
  keywords={non-self-pub}
}
@article{dong2013modeling,
  title={Modeling and control of a quadrotor UAV with aerodynamic concepts},
  author={Dong, W. and Gu, G. Y. and Zhu, X. and Ding, H. and others},
  journal={World Academy of Science, Engineering and Technology},
  volume={7},
  number={5},
  pages={901--906},
  year={2013},
  keywords={non-self-pub}
}
@inproceedings{voos2009nonlinear,
  title={Nonlinear control of a quadrotor micro-UAV using feedback-linearization},
  author={Voos, H.},
  booktitle={2009 IEEE International Conference on Mechatronics},
  pages={1--6},
  year={2009},
  organization={IEEE},
  keywords={non-self-pub}
}
@inproceedings{madani2006backstepping,
  title={Backstepping control for a quadrotor helicopter},
  author={Madani, T. and Benallegue, A.},
  booktitle={2006 IEEE/RSJ International Conference on Intelligent Robots and Systems},
  pages={3255--3260},
  year={2006},
  organization={IEEE},
  keywords={non-self-pub}
}
@inproceedings{lee2010geometric,
  title={Geometric tracking control of a quadrotor UAV on SE (3)},
  author={Lee, T. and Leok, M. and McClamroch, N. H.},
  booktitle={49th IEEE conference on decision and control (CDC)},
  pages={5420--5425},
  year={2010},
  organization={IEEE},
  keywords={non-self-pub}
}
@article{bicego2020nonlinear,
  title={Nonlinear model predictive control with enhanced actuator model for multi-rotor aerial vehicles with generic designs},
  author={Bicego, D. and Mazzetto, J. and Carli, R. and Farina, M. and Franchi, A.},
  journal={Journal of Intelligent \& Robotic Systems},
  volume={100},
  pages={1213--1247},
  year={2020},
  publisher={Springer},
  keywords={non-self-pub}
}
@article{foehn2021time,
  title={Time-optimal planning for quadrotor waypoint flight},
  author={Foehn, P. and Romero, A. and Scaramuzza, D.},
  journal={Science Robotics},
  volume={6},
  number={56},
  pages={eabh1221},
  year={2021},
  publisher={American Association for the Advancement of Science},
  keywords={non-self-pub}
}
@article{torrente2021data,
  title={Data-driven MPC for quadrotors},
  author={Torrente, G. and Kaufmann, E. and F{\"o}hn, P. and Scaramuzza, D.},
  journal={IEEE Robotics and Automation Letters},
  volume={6},
  number={2},
  pages={3769--3776},
  year={2021},
  publisher={IEEE},
  keywords={non-self-pub}
}
@article{verschueren2018towards,
  title={Towards a modular software package for embedded optimization},
  author={Verschueren, Robin and Frison, Gianluca and Kouzoupis, Dimitris and van Duijkeren, Niels and Zanelli, Andrea and Quirynen, Rien and Diehl, Moritz},
  journal={IFAC-PapersOnLine},
  volume={51},
  number={20},
  pages={374--380},
  year={2018},
  publisher={Elsevier}
}
@article{ferreau2014qpoases,
  title={qpOASES: A parametric active-set algorithm for quadratic programming},
  author={Ferreau, Hans Joachim and Kirches, Christian and Potschka, Andreas and Bock, Hans Georg and Diehl, Moritz},
  journal={Mathematical Programming Computation},
  volume={6},
  pages={327--363},
  year={2014},
  publisher={Springer}
}
%%%%%%%%%%%%%%%%%%%%%%%%%%%%%%%%%%%%%%%%%%%%%%%%%%%%

%%% Chapter 3 Citations %%%%%%%%%%%%%%%%%%%%%%%%%%%%%%%%%%%%%%%%%%%%%%%%%%%
@article{mur2015orb,
  title={ORB-SLAM: a versatile and accurate monocular SLAM system},
  author={Mur-Artal, R. and Montiel, J. M. M. and Tardos, J. D.},
  journal={IEEE transactions on robotics},
  volume={31},
  number={5},
  pages={1147--1163},
  year={2015},
  publisher={IEEE},
  keywords={non-self-pub}
}
@article{mur2017orb,
  title={Orb-slam2: An open-source slam system for monocular, stereo, and rgb-d cameras},
  author={Mur-Artal, R. and Tard{\'o}s, J. D.},
  journal={IEEE transactions on robotics},
  volume={33},
  number={5},
  pages={1255--1262},
  year={2017},
  publisher={IEEE},
  keywords={non-self-pub}
}
@article{campos2021orb,
  title={Orb-slam3: An accurate open-source library for visual, visual--inertial, and multimap slam},
  author={Campos, C. and Elvira, R. and Rodr{\'\i}guez, J. J. G. and Montiel, J. M. M. and Tard{\'o}s, J. D.},
  journal={IEEE Transactions on Robotics},
  volume={37},
  number={6},
  pages={1874--1890},
  year={2021},
  publisher={IEEE},
  keywords={non-self-pub}
}
@article{qin2018vins,
  title={Vins-mono: A robust and versatile monocular visual-inertial state estimator},
  author={Qin, T. and Li, P. and Shen, S.},
  journal={IEEE Transactions on Robotics},
  volume={34},
  number={4},
  pages={1004--1020},
  year={2018},
  publisher={IEEE},
  keywords={non-self-pub}
}
@article{xu2021fast,
  title={Fast-lio: A fast, robust lidar-inertial odometry package by tightly-coupled iterated kalman filter},
  author={Xu, W. and Zhang, F.},
  journal={IEEE Robotics and Automation Letters},
  volume={6},
  number={2},
  pages={3317--3324},
  year={2021},
  publisher={IEEE},
  keywords={non-self-pub}
}
@article{xu2022fast,
  title={Fast-lio2: Fast direct lidar-inertial odometry},
  author={Xu, W. and Cai, Y. and He, D. and Lin, J. and Zhang, F.},
  journal={IEEE Transactions on Robotics},
  volume={38},
  number={4},
  pages={2053--2073},
  year={2022},
  publisher={IEEE},
  keywords={non-self-pub}
}
@article{kim2021scan,
  title={Scan context++: Structural place recognition robust to rotation and lateral variations in urban environments},
  author={Kim, G. and Choi, S. and Kim, A.},
  journal={IEEE Transactions on Robotics},
  volume={38},
  number={3},
  pages={1856--1874},
  year={2021},
  publisher={IEEE},
  keywords={non-self-pub}
}
@inproceedings{zhang2014loam,
  title={LOAM: Lidar odometry and mapping in real-time.},
  author={Zhang, J. and Singh, S.},
  booktitle={Robotics: Science and Systems},
  volume={2},
  number={9},
  pages={1--9},
  year={2014},
  organization={Berkeley, CA},
  keywords={non-self-pub}
}
@inproceedings{oleynikova2017voxblox,
  title={Voxblox: Incremental 3d euclidean signed distance fields for on-board mav planning},
  author={Oleynikova, H. and Taylor, Z. and Fehr, M. and Siegwart, R. and Nieto, J.},
  booktitle={2017 IEEE/RSJ International Conference on Intelligent Robots and Systems (IROS)},
  pages={1366--1373},
  year={2017},
  organization={IEEE},
  keywords={non-self-pub}
}
@inproceedings{han2019fiesta,
  title={Fiesta: Fast incremental euclidean distance fields for online motion planning of aerial robots},
  author={Han, L. and Gao, F. and Zhou, B. and Shen, S.},
  booktitle={2019 IEEE/RSJ International Conference on Intelligent Robots and Systems (IROS)},
  pages={4423--4430},
  year={2019},
  organization={IEEE},
  keywords={non-self-pub}
}
@inproceedings{popovic2017multiresolution,
  title={Multiresolution mapping and informative path planning for UAV-based terrain monitoring},
  author={Popovi{\'c}, M. and Vidal-Calleja, T. and Hitz, G. and Sa, I. and Siegwart, R. and Nieto, J.},
  booktitle={2017 IEEE/RSJ International Conference on Intelligent Robots and Systems (IROS)},
  pages={1382--1388},
  year={2017},
  organization={IEEE},
  keywords={non-self-pub}
}
@inproceedings{stork2020ensemble,
  title={Ensemble of sparse Gaussian process experts for implicit surface mapping with streaming data},
  author={Stork, J. A and Stoyanov, T.},
  booktitle={2020 IEEE International Conference on Robotics and Automation (ICRA)},
  pages={10758--10764},
  year={2020},
  organization={IEEE},
  keywords={non-self-pub}
}
@article{wu2021faithful,
  title={Faithful Euclidean distance field from log-Gaussian process implicit surfaces},
  author={Wu, L. and Lee, K. M. B. and Liu, L. and Vidal-Calleja, T.},
  journal={IEEE Robotics and Automation Letters},
  volume={6},
  number={2},
  pages={2461--2468},
  year={2021},
  publisher={IEEE},
  keywords={non-self-pub}
}
@inproceedings{caballero2021dll,
  title={DLL: Direct LIDAR Localization. A map-based localization approach for aerial robots},
  author={Caballero, F. and Merino, L.},
  booktitle={2021 IEEE/RSJ International Conference on Intelligent Robots and Systems (IROS)},
  pages={5491--5498},
  year={2021},
  organization={IEEE},
  keywords={non-self-pub}
}
@inproceedings{elhousni2020survey,
  title={A survey on 3d lidar localization for autonomous vehicles},
  author={Elhousni, M. and Huang, X.},
  booktitle={2020 IEEE Intelligent Vehicles Symposium (IV)},
  pages={1879--1884},
  year={2020},
  organization={IEEE},
  keywords={non-self-pub}
}
@article{liu2019precise,
  title={A precise and robust segmentation-based lidar localization system for automated urban driving},
  author={Liu, H. and Ye, Q. and Wang, H. and Chen, L. and Yang, J.},
  journal={Remote Sensing},
  volume={11},
  number={11},
  pages={1348},
  year={2019},
  publisher={MDPI},
  keywords={non-self-pub}
}
@inproceedings{choy2019fully,
  title={Fully convolutional geometric features},
  author={Choy, C. and Park, J. and Koltun, V.},
  booktitle={Proceedings of the IEEE/CVF international conference on computer vision},
  pages={8958--8966},
  year={2019},
  keywords={non-self-pub}
}
@article{dube2018incremental,
  title={Incremental-segment-based localization in 3-d point clouds},
  author={Dub{\'e}, R. and Gollub, M. G. and Sommer, H. and Gilitschenski, I. and Siegwart, R. and Cadena, C. and Nieto, J.},
  journal={IEEE Robotics and Automation Letters},
  volume={3},
  number={3},
  pages={1832--1839},
  year={2018},
  publisher={IEEE},
  keywords={non-self-pub}
}
@inproceedings{pan2021mulls,
  title={MULLS: Versatile LiDAR SLAM via multi-metric linear least square},
  author={Pan, Y. and Xiao, P. and He, Y. and Shao, Z. and Li, Z.},
  booktitle={2021 IEEE International Conference on Robotics and Automation (ICRA)},
  pages={11633--11640},
  year={2021},
  organization={IEEE},
  keywords={non-self-pub}
}
@article{chen1992object,
  title={Object modelling by registration of multiple range images},
  author={Chen, Y. and Medioni, G.},
  journal={Image and vision computing},
  volume={10},
  number={3},
  pages={145--155},
  year={1992},
  publisher={Elsevier},
  keywords={non-self-pub}
}
@article{muja2009fast,
  title={Fast approximate nearest neighbors with automatic algorithm configuration.},
  author={Muja, M. and Lowe, D. G.},
  journal={VISAPP (1)},
  volume={2},
  number={331-340},
  pages={2},
  year={2009},
  keywords={non-self-pub}
}
@article{elseberg2012comparison,
  title={Comparison of nearest-neighbor-search strategies and implementations for efficient shape registration},
  author={Elseberg, J. and Magnenat, S. and Siegwart, R. and N{\"u}chter, A.},
  journal={Journal of Software Engineering for Robotics},
  volume={3},
  number={1},
  pages={2--12},
  year={2012},
  keywords={non-self-pub}
}
@article{yang2015go,
  title={Go-ICP: A globally optimal solution to 3D ICP point-set registration},
  author={Yang, J. and Li, H. and Campbell, D. and Jia, Y.},
  journal={IEEE transactions on pattern analysis and machine intelligence},
  volume={38},
  number={11},
  pages={2241--2254},
  year={2015},
  publisher={IEEE},
  keywords={non-self-pub}
}
@inproceedings{granger2002multi,
  title={Multi-scale EM-ICP: A fast and robust approach for surface registration},
  author={Granger, S. and Pennec, X.},
  booktitle={Computer Vision—ECCV 2002: 7th European Conference on Computer Vision Copenhagen, Denmark, May 28--31, 2002 Proceedings, Part IV 7},
  pages={418--432},
  year={2002},
  organization={Springer},
  keywords={non-self-pub}
}
@article{yang2020teaser,
  title={Teaser: Fast and certifiable point cloud registration},
  author={Yang, H. and Shi, J. and Carlone, L.},
  journal={IEEE Transactions on Robotics},
  volume={37},
  number={2},
  pages={314--333},
  year={2020},
  publisher={IEEE},
  keywords={non-self-pub}
}
@article{magnusson2007scan,
  title={Scan registration for autonomous mining vehicles using 3D-NDT},
  author={Magnusson, M. and Lilienthal, A. and Duckett, T.},
  journal={Journal of Field Robotics},
  volume={24},
  number={10},
  pages={803--827},
  year={2007},
  publisher={Wiley Online Library},
  keywords={non-self-pub}
}
@inproceedings{hong2017probabilistic,
  title={Probabilistic normal distributions transform representation for accurate 3D point cloud registration},
  author={Hong, H. and Lee, B. H.},
  booktitle={2017 IEEE/RSJ International Conference on Intelligent Robots and Systems (IROS)},
  pages={3333--3338},
  year={2017},
  organization={IEEE},
  keywords={non-self-pub}
}
@article{jones20063d,
  title={3D distance fields: A survey of techniques and applications},
  author={Jones, M. W. and Baerentzen, J. A. and Sramek, M.},
  journal={IEEE Transactions on visualization and Computer Graphics},
  volume={12},
  number={4},
  pages={581--599},
  year={2006},
  publisher={IEEE},
  keywords={non-self-pub}
}
@software{agarwal2022ceres,
  author = {Agarwal, S. and Mierle, K. and The Ceres Solver Team},
  title = {{Ceres Solver}},
  license = {Apache-2.0},
  url = {https://github.com/ceres-solver/ceres-solver},
  version = {2.1},
  year = {2022},
  month = {3},
  keywords={non-self-pub}
}
@article{muja2009flann,
  title={Flann-fast library for approximate nearest neighbors user manual},
  author={Muja, M. and Lowe, D.},
  journal={Computer Science Department, University of British Columbia, Vancouver, BC, Canada},
  volume={5},
  year={2009},
  keywords={non-self-pub}
}
%%%%%%%%%%%%%%%%%%%%%%%%%%%%%%%%%%%%%%%%%%%%%%%%%%%%

%%% Chapter 4 Citations %%%%%%%%%%%%%%%%%%%%%%%%%%%%%%%%%%%%%%%%%%%%%%%%%%%%
@inproceedings{yamauchi1997frontier,
  title={A frontier-based approach for autonomous exploration},
  author={Yamauchi, B.},
  booktitle={Proceedings 1997 IEEE International Symposium on Computational Intelligence in Robotics and Automation CIRA'97. 'Towards New Computational Principles for Robotics and Automation'},
  pages={146--151},
  year={1997},
  organization={IEEE},
  keywords={non-self-pub}
}
@inproceedings{cieslewski2017rapid,
	title={Rapid exploration with multi-rotors: A frontier selection method for high speed flight},
	author={Cieslewski, T. and Kaufmann, E. and Scaramuzza, D.},
	booktitle={2017 IEEE/RSJ International Conference on Intelligent Robots and Systems (IROS)},
	pages={2135--2142},
	year={2017},
	organization={IEEE},
  keywords={non-self-pub}
}
@inproceedings{bircher2016receding,
	title={Receding horizon" next-best-view" planner for 3d exploration},
	author={Bircher, A. and Kamel, M. and Alexis, K. and Oleynikova, H. and Siegwart, R.},
	booktitle={2016 IEEE international conference on robotics and automation (ICRA)},
	pages={1462--1468},
	year={2016},
	organization={IEEE},
  keywords={non-self-pub}
}
@inproceedings{shen2012autonomous,
	title={Autonomous indoor 3D exploration with a micro-aerial vehicle},
	author={Shen, S. and Michael, N. and Kumar, V.},
	booktitle={2012 IEEE international conference on robotics and automation},
	pages={9--15},
	year={2012},
	organization={IEEE},
  keywords={non-self-pub}
}
@article{selin2019efficient,
	title={Efficient autonomous exploration planning of large-scale 3-D environments},
	author={Selin, M. and Tiger, M. and Duberg, D. and Heintz, F. and Jensfelt, P.},
	journal={IEEE Robotics and Automation Letters},
	volume={4},
	number={2},
	pages={1699--1706},
	year={2019},
	publisher={IEEE},
  keywords={non-self-pub}
}
@article{zhou2021fuel,
	title={FUEL: Fast UAV Exploration Using Incremental Frontier Structure and Hierarchical Planning},
	author={Zhou, B. and Zhang, Y. and Chen, X. and Shen, S.},
	journal={IEEE Robotics and Automation Letters},
	volume={6},
	number={2},
	pages={779--786},
	year={2021},
	publisher={IEEE},
  keywords={non-self-pub}
}
@inproceedings{deng2020robotic,
	title={Robotic Exploration of Unknown 2D Environment Using a Frontier-based Automatic-Differentiable Information Gain Measure},
	author={Deng, D. and Duan, R. and Liu, J. and Sheng, K. and Shimada, K.},
	booktitle={2020 IEEE/ASME International Conference on Advanced Intelligent Mechatronics (AIM)},
	pages={1497--1503},
	year={2020},
	organization={IEEE},
  keywords={non-self-pub}
}
@inproceedings{dang2018visual,
	title={Visual saliency-aware receding horizon autonomous exploration with application to aerial robotics},
	author={Dang, T. and Papachristos, C. and Alexis, K.},
	booktitle={2018 IEEE International Conference on Robotics and Automation (ICRA)},
	pages={2526--2533},
	year={2018},
	organization={IEEE},
  keywords={non-self-pub}
}
@article{bircher2018receding,
	title={Receding horizon path planning for 3D exploration and surface inspection},
	author={Bircher, A. and Kamel, M. and Alexis, K. and Oleynikova, H. and Siegwart, R.},
	journal={Autonomous Robots},
	volume={42},
	number={2},
	pages={291--306},
	year={2018},
	publisher={Springer},
  keywords={non-self-pub}
}
@inproceedings{witting2018history,
	title={History-aware autonomous exploration in confined environments using mavs},
	author={Witting, C. and Fehr, M. and B{\"a}hnemann, R. and Oleynikova, H. and Siegwart, R.},
	booktitle={2018 IEEE/RSJ International Conference on Intelligent Robots and Systems (IROS)},
	pages={1--9},
	year={2018},
	organization={IEEE},
  keywords={non-self-pub}
}
@article{wang2019efficient,
	title={Efficient autonomous robotic exploration with semantic road map in indoor environments},
	author={Wang, C. and Zhu, D. and Li, T. and Meng, M. Q. H. and de Silva, C. W.},
	journal={IEEE Robotics and Automation Letters},
	volume={4},
	number={3},
	pages={2989--2996},
	year={2019},
	publisher={IEEE},
  keywords={non-self-pub}
}
@article{schmid2020efficient,
	title={An efficient sampling-based method for online informative path planning in unknown environments},
	author={Schmid, L. and Pantic, M. and Khanna, R. and Ott, L. and Siegwart, R. and Nieto, J.},
	journal={IEEE Robotics and Automation Letters},
	volume={5},
	number={2},
	pages={1500--1507},
	year={2020},
	publisher={IEEE},
  keywords={non-self-pub}
}
@inproceedings{dharmadhikari2020motion,
	title={Motion primitives-based path planning for fast and agile exploration using aerial robots},
	author={Dharmadhikari, M. and Dang, T. and Solanka, L. and Loje, J. and Nguyen, H. and Khedekar, N. and Alexis, K.},
	booktitle={2020 IEEE International Conference on Robotics and Automation (ICRA)},
	pages={179--185},
	year={2020},
	organization={IEEE},
  keywords={non-self-pub}
}
@inproceedings{dang2018autonomous,
	title={Autonomous exploration and simultaneous object search using aerial robots},
	author={Dang, T. and Papachristos, C. and Alexis, K.},
	booktitle={2018 IEEE Aerospace Conference},
	pages={1--7},
	year={2018},
	organization={IEEE},
  keywords={non-self-pub}
}
@article{kompis2021informed,
	title={Informed Sampling Exploration Path Planner for 3D Reconstruction of Large Scenes},
	author={Kompis, Y. and Bartolomei, L. and Palliser, R. M. and Teixeira, L. and Chli, M.},
	journal={IEEE Robotics and Automation Letters},
	year={2021},
	publisher={IEEE},
  keywords={non-self-pub}
}
@article{xu2021autonomous,
	title={Autonomous UAV Exploration of Dynamic Environments Via Incremental Sampling and Probabilistic Roadmap},
	author={Xu, Z. and Deng, D. and Shimada, K.},
	journal={IEEE Robotics and Automation Letters},
	volume={6},
	number={2},
	pages={2729--2736},
	year={2021},
	publisher={IEEE},
  keywords={non-self-pub}
}
@inproceedings{dang2019graph,
	title={Graph-based path planning for autonomous robotic exploration in subterranean environments},
	author={Dang, T. and Mascarich, F. and Khattak, S. and Papachristos, C. and Alexis, K.},
	booktitle={2019 IEEE/RSJ International Conference on Intelligent Robots and Systems (IROS)},
	pages={3105--3112},
	year={2019},
	organization={IEEE},
  keywords={non-self-pub}
}
@inproceedings{holz2010evaluating,
	title={Evaluating the efficiency of frontier-based exploration strategies},
	author={Holz, D. and Basilico, N. and Amigoni, F. and Behnke, S.},
	booktitle={ISR 2010 (41st International Symposium on Robotics) and ROBOTIK 2010 (6th German Conference on Robotics)},
	pages={1--8},
	year={2010},
	organization={VDE},
  keywords={non-self-pub}
}
@inproceedings{stachniss2005information,
	title={Information Gain-based Exploration Using Rao-Blackwellized Particle Filters.},
	author={Stachniss, C. and Grisetti, G. and Burgard, W.},
	booktitle={Robotics: Science and systems},
	volume={2},
	pages={65--72},
	year={2005},
  keywords={non-self-pub}
}
@inproceedings{stachniss2004exploration,
	title={Exploration with active loop-closing for FastSLAM},
	author={Stachniss, C. and Hahnel, D. and Burgard, W.},
	booktitle={2004 IEEE/RSJ International Conference on Intelligent Robots and Systems (IROS)(IEEE Cat. No. 04CH37566)},
	volume={2},
	pages={1505--1510},
	year={2004},
	organization={IEEE},
  keywords={non-self-pub}
}
@inproceedings{connolly1985determination,
	title={The determination of next best views},
	author={Connolly, C.},
	booktitle={Proceedings. 1985 IEEE international conference on robotics and automation},
	volume={2},
	pages={432--435},
	year={1985},
	organization={IEEE},
  keywords={non-self-pub}
}
@article{maver1993occlusions,
	title={Occlusions as a guide for planning the next view},
	author={Maver, J. and Bajcsy, R.},
	journal={IEEE transactions on pattern analysis and machine intelligence},
	volume={15},
	number={5},
	pages={417--433},
	year={1993},
	publisher={IEEE},
  keywords={non-self-pub}
}
@article{gonzalez2002navigation,
	title={Navigation strategies for exploring indoor environments},
	author={Gonz{\'a}lez-Banos, H. H. and Latombe, J. C.},
	journal={The International Journal of Robotics Research},
	volume={21},
	number={10-11},
	pages={829--848},
	year={2002},
	publisher={SAGE Publications Sage UK: London, England},
  keywords={non-self-pub}
}
@inproceedings{papachristos2017uncertainty,
	title={Uncertainty-aware receding horizon exploration and mapping using aerial robots},
	author={Papachristos, C. and Khattak, S. and Alexis, K.},
	booktitle={2017 IEEE international conference on robotics and automation (ICRA)},
	pages={4568--4575},
	year={2017},
	organization={IEEE},
  keywords={non-self-pub}
}
@article{tovar2006planning,
	title={Planning exploration strategies for simultaneous localization and mapping},
	author={Tovar, B. and Munoz-G{\'o}mez, L. and Murrieta-Cid, R. and Alencastre-Miranda, M. and Monroy, R. and Hutchinson, S.},
	journal={Robotics and Autonomous Systems},
	volume={54},
	number={4},
	pages={314--331},
	year={2006},
	publisher={Elsevier},
  keywords={non-self-pub}
}
@article{e2002exploration,
	title={Exploration method using harmonic functions},
	author={Silva Jr, E. P. and Engel, P. M. and Trevisan, M. and Idiart, M. A. P.},
	journal={Robotics and Autonomous Systems},
	volume={40},
	number={1},
	pages={25--42},
	year={2002},
	publisher={Elsevier},
  keywords={non-self-pub}
}
@inproceedings{shade2011choosing,
	title={Choosing where to go: Complete 3D exploration with stereo},
	author={Shade, R. and Newman, P.},
	booktitle={2011 IEEE International Conference on Robotics and Automation},
	pages={2806--2811},
	year={2011},
	organization={IEEE},
  keywords={non-self-pub}
}
@article{julia2012comparison,
	title={A comparison of path planning strategies for autonomous exploration and mapping of unknown environments},
	author={Juli{\'a}, M. and Gil, A. and Reinoso, O.},
	journal={Autonomous Robots},
	volume={33},
	number={4},
	pages={427--444},
	year={2012},
	publisher={Springer},
  keywords={non-self-pub}
}
@inproceedings{charrow2015information,
	title={Information-Theoretic Planning with Trajectory Optimization for Dense 3D Mapping.},
	author={Charrow, B. and Kahn, G. and Patil, S. and Liu, S. and Goldberg, K. and Abbeel, P. and Michael, N. and Kumar, V.},
	booktitle={Robotics: Science and Systems},
	volume={11},
	pages={3--12},
	year={2015},
	organization={Rome},
  keywords={non-self-pub}
}
@article{ding2019efficient,
	title={An efficient b-spline-based kinodynamic replanning framework for quadrotors},
	author={Ding, W. and Gao, W. and Wang, K. and Shen, S.},
	journal={IEEE Transactions on Robotics},
	volume={35},
	number={6},
	pages={1287--1306},
	year={2019},
	publisher={IEEE},
  keywords={non-self-pub}
}
@inproceedings{tordesillas2019faster,
	title={Faster: Fast and safe trajectory planner for flights in unknown environments},
	author={Tordesillas, J. and Lopez, B. T. and How, J. P.},
	booktitle={2019 IEEE/RSJ international conference on intelligent robots and systems (IROS)},
	pages={1934--1940},
	year={2019},
	organization={IEEE},
  keywords={non-self-pub}
}
@inproceedings{gao2018online,
	title={Online safe trajectory generation for quadrotors using fast marching method and bernstein basis polynomial},
	author={Gao, F. and Wu, W. and Lin, Y. and Shen, S.},
	booktitle={2018 IEEE International Conference on Robotics and Automation (ICRA)},
	pages={344--351},
	year={2018},
	organization={IEEE},
  keywords={non-self-pub}
}
@inproceedings{ratliff2009chomp,
	title={CHOMP: Gradient optimization techniques for efficient motion planning},
	author={Ratliff, N. and Zucker, M. and Bagnell, J. A. and Srinivasa, S.},
	booktitle={2009 IEEE International Conference on Robotics and Automation},
	pages={489--494},
	year={2009},
	organization={IEEE},
  keywords={non-self-pub}
}
@inproceedings{oleynikova2016continuous,
	title={Continuous-time trajectory optimization for online UAV replanning},
	author={Oleynikova, H. and Burri, M. and Taylor, Z. and Nieto, J. and Siegwart, R. and Galceran, E.},
	booktitle={2016 IEEE/RSJ international conference on intelligent robots and systems (IROS)},
	pages={5332--5339},
	year={2016},
	organization={IEEE},
  keywords={non-self-pub}
}
@inproceedings{usenko2017real,
	title={Real-time trajectory replanning for MAVs using uniform B-splines and a 3D circular buffer},
	author={Usenko, V. and Von Stumberg, L. and Pangercic, A. and Cremers, D.},
	booktitle={2017 IEEE/RSJ International Conference on Intelligent Robots and Systems (IROS)},
	pages={215--222},
	year={2017},
	organization={IEEE},
  keywords={non-self-pub}
}
@inproceedings{gao2017gradient,
	title={Gradient-based online safe trajectory generation for quadrotor flight in complex environments},
	author={Gao, F. and Lin, Y. and Shen, S.},
	booktitle={2017 IEEE/RSJ international conference on intelligent robots and systems (IROS)},
	pages={3681--3688},
	year={2017},
	organization={IEEE},
  keywords={non-self-pub}
}
@article{zhou2019robust,
	title={Robust and efficient quadrotor trajectory generation for fast autonomous flight},
	author={Zhou, B. and Gao, F. and Wang, L. and Liu, C. and Shen, S.},
	journal={IEEE Robotics and Automation Letters},
	volume={4},
	number={4},
	pages={3529--3536},
	year={2019},
	publisher={IEEE},
  keywords={non-self-pub}
}
@article{zhou2021raptor,
	title={Raptor: Robust and perception-aware trajectory replanning for quadrotor fast flight},
	author={Zhou, B. and Pan, J. and Gao, F. and Shen, S.},
	journal={IEEE Transactions on Robotics},
	year={2021},
	publisher={IEEE},
  keywords={non-self-pub}
}
@article{tordesillas2021mader,
	title={MADER: Trajectory Planner in Multiagent and Dynamic Environments},
	author={Tordesillas, J. and How, J. P.},
	journal={IEEE Transactions on Robotics},
	year={2021},
	publisher={IEEE},
  keywords={non-self-pub}
}
@article{hornung2013octomap,
  title={OctoMap: An efficient probabilistic 3D mapping framework based on octrees},
  author={Hornung, A. and Wurm, Kai M. and Bennewitz, M. and Stachniss, C. and Burgard, W.},
  journal={Autonomous robots},
  volume={34},
  number={3},
  pages={189--206},
  year={2013},
  publisher={Springer},
  keywords={non-self-pub}
}
@incollection{furrer2016rotors,
  title={RotorS—A modular gazebo MAV simulator framework},
  author={Furrer, F. and Burri, M. and Achtelik, M. and Siegwart, R.},
  booktitle={Robot operating system (ROS)},
  pages={595--625},
  year={2016},
  publisher={Springer},
  keywords={non-self-pub}
}
@article{quinonero2005unifying,
  title={A unifying view of sparse approximate Gaussian process regression},
  author={Quinonero-Candela, J. and Rasmussen, C. E.},
  journal={The Journal of Machine Learning Research},
  volume={6},
  pages={1939--1959},
  year={2005},
  publisher={JMLR. org},
  keywords={non-self-pub}
}
@article{tang2020real,
	title={A real-time quadrotor trajectory planning framework based on B-spline and nonuniform kinodynamic search},
	author={Tang, L. and Wang, H. and Liu, Z. and Wang, Y.},
	journal={Journal of Field Robotics},
	year={2020},
	publisher={Wiley Online Library},
  keywords={non-self-pub}
}
@article{qin2000general,
	title={General matrix representations for B-splines},
	author={Qin, K.},
	journal={The Visual Computer},
	volume={16},
	number={3-4},
	pages={177--186},
	year={2000},
	publisher={Springer-Verlag GmbH},
  keywords={non-self-pub}
}
@article{lavalle1998rapidly,
	title={Rapidly-exploring random trees: A new tool for path planning},
	author={LaValle, S. M.},
	year={1998},
	publisher={Ames, IA, USA},
  keywords={non-self-pub}
}
@article{karaman2011sampling,
	title={Sampling-based algorithms for optimal motion planning},
	author={Karaman, S. and Frazzoli, E.},
	journal={The international journal of robotics research},
	volume={30},
	number={7},
	pages={846--894},
	year={2011},
	publisher={Sage Publications Sage UK: London, England},
  keywords={non-self-pub}
}
@article{popovic2020informative,
	title={An informative path planning framework for UAV-based terrain monitoring},
	author={Popovi{\'c}, M. and Vidal-Calleja, T. and Hitz, G. and Chung, J. J. and Sa, I. and Siegwart, R. and Nieto, J.},
	journal={Autonomous Robots},
	volume={44},
	number={6},
	pages={889--911},
	year={2020},
	publisher={Springer},
  keywords={non-self-pub}
}
@inproceedings{meera2019obstacle,
  title={Obstacle-aware adaptive informative path planning for uav-based target search},
  author={Meera, A. A. and Popovi{\'c}, M. and Millane, A. and Siegwart, R.},
  booktitle={2019 International Conference on Robotics and Automation (ICRA)},
  pages={718--724},
  year={2019},
  organization={IEEE},
  keywords={non-self-pub}
}
@inproceedings{benevento2020multi,
	title={Multi-robot coordination for estimation and coverage of unknown spatial fields},
	author={Benevento, A. and Santos, M. and Notarstefano, G. and Paynabar, K. and Bloch, M. and Egerstedt, M.},
	booktitle={2020 IEEE International Conference on Robotics and Automation (ICRA)},
	pages={7740--7746},
	year={2020},
	organization={IEEE},
  keywords={non-self-pub}
}
@inproceedings{kim2013continuous,
	title={Continuous occupancy maps using overlapping local gaussian processes},
	author={Kim, S. and Kim, J.},
	booktitle={2013 IEEE/RSJ International Conference on Intelligent Robots and Systems},
	pages={4709--4714},
	year={2013},
	organization={IEEE},
  keywords={non-self-pub}
}
@inproceedings{wilson2015kernel,
	title={Kernel interpolation for scalable structured Gaussian processes (KISS-GP)},
	author={Wilson, A. and Nickisch, H.},
	booktitle={International Conference on Machine Learning},
	pages={1775--1784},
	year={2015},
	organization={PMLR},
  keywords={non-self-pub}
}
@inproceedings{gardner2018product,
	title={Product kernel interpolation for scalable Gaussian processes},
	author={Gardner, J. and Pleiss, G. and Wu, R. and Weinberger, K. and Wilson, A.},
	booktitle={International Conference on Artificial Intelligence and Statistics},
	pages={1407--1416},
	year={2018},
	organization={PMLR},
  keywords={non-self-pub}
}
%%%%%%%%%%%%%%%%%%%%%%%%%%%%%%%%%%%%%%%%%%%%%%%%%%%%

%%% Chapter 5 Citations %%%%%%%%%%%%%%%%%%%%%%%%%%%%%%%%%%%%%%%%%%%%%%%%%%%%
@inproceedings{chen2015real,
  title={Real-time safe trajectory generation for quadrotor flight in cluttered environments},
  author={Chen, J. and Su, K. and Shen, S.},
  booktitle={2015 IEEE International Conference on Robotics and Biomimetics (ROBIO)},
  pages={1678--1685},
  year={2015},
  organization={IEEE},
  keywords={non-self-pub}
}
@inproceedings{gao2016online,
  title={Online quadrotor trajectory generation and autonomous navigation on point clouds},
  author={Gao, F. and Shen, S.},
  booktitle={2016 IEEE International Symposium on Safety, Security, and Rescue Robotics (SSRR)},
  pages={139--146},
  year={2016},
  organization={IEEE},
  keywords={non-self-pub}
}
@article{liu2017planning,
  title={Planning dynamically feasible trajectories for quadrotors using safe flight corridors in 3-d complex environments},
  author={Liu, S. and Watterson, M. and Mohta, K. and Sun, K. and Bhattacharya, S. and Taylor, C. J. and Kumar, V.},
  journal={IEEE Robotics and Automation Letters},
  volume={2},
  number={3},
  pages={1688--1695},
  year={2017},
  publisher={IEEE},
  keywords={non-self-pub}
}
@inproceedings{ding2018trajectory,
  title={Trajectory replanning for quadrotors using kinodynamic search and elastic optimization},
  author={Ding, W. and Gao, W. and Wang, K. and Shen, S.},
  booktitle={2018 IEEE International Conference on Robotics and Automation (ICRA)},
  pages={7595--7602},
  year={2018},
  organization={IEEE},
  keywords={non-self-pub}
}
@article{gao2019flying,
  title={Flying on point clouds: Online trajectory generation and autonomous navigation for quadrotors in cluttered environments},
  author={Gao, F. and Wu, W. and Gao, W. and Shen, S.},
  journal={Journal of Field Robotics},
  volume={36},
  number={4},
  pages={710--733},
  year={2019},
  publisher={Wiley Online Library},
  keywords={non-self-pub}
}
@article{zucker2013chomp,
  title={Chomp: Covariant hamiltonian optimization for motion planning},
  author={Zucker, M. and Ratliff, N. and Dragan, A. D. and Pivtoraiko, M. and Klingensmith, M. and Dellin, C. M. and Bagnell, J. A. and Srinivasa, S. S.},
  journal={The International Journal of Robotics Research},
  volume={32},
  number={9-10},
  pages={1164--1193},
  year={2013},
  publisher={SAGE Publications Sage UK: London, England},
  keywords={non-self-pub}
}
@inproceedings{kalakrishnan2011stomp,
  title={STOMP: Stochastic trajectory optimization for motion planning},
  author={Kalakrishnan, M. and Chitta, S. and Theodorou, E. and Pastor, P. and Schaal, S.},
  booktitle={2011 IEEE international conference on robotics and automation},
  pages={4569--4574},
  year={2011},
  organization={IEEE},
  keywords={non-self-pub}
}
%%%%%%%%%%%%%%%%%%%%%%%%%%%%%%%%%%%%%%%%%%%%%%%%%%%%

%%% Chapter 6 Citations %%%%%%%%%%%%%%%%%%%%%%%%%%%%%%%%%%%%%%%%%%%%%%%%%%%%
@inproceedings{mehdi2015collision,
  title={Collision avoidance through path replanning using B{\'e}zier curves},
  author={Mehdi, S. B. and Choe, R. and Cichella, V. and Hovakimyan, N.},
  booktitle={AIAA Guidance, navigation, and control conference},
  pages={0598},
  year={2015},
  keywords={non-self-pub}
}
@article{mehdi2019collision,
  title={Collision avoidance in cooperative missions: B{\'e}zier surfaces for circumnavigating uncertain speed profiles},
  author={Mehdi, S. B. and Choe, R. and Hovakimyan, N.},
  journal={Journal of Guidance, Control, and Dynamics},
  volume={42},
  number={8},
  pages={1779--1796},
  year={2019},
  publisher={American Institute of Aeronautics and Astronautics},
  keywords={non-self-pub}
}
@inproceedings{elmokadem2020control,
  title={A Control Strategy for the Safe Navigation of UAVs Among Dynamic Obstacles using Real-Time Deforming Trajectories},
  author={Elmokadem, T.},
  booktitle={2020 Australian and New Zealand Control Conference (ANZCC)},
  pages={97--102},
  year={2020},
  organization={IEEE},
  keywords={non-self-pub}
}
@article{park2022online,
  title={Online Distributed Trajectory Planning for Quadrotor Swarm with Feasibility Guarantee using Linear Safe Corridor},
  author={Park, J. and Kim, D. and Kim, G. C. and Oh, D. and Kim, H. J.},
  journal={IEEE Robotics and Automation Letters},
  volume={7},
  number={2},
  pages={4869--4876},
  year={2022},
  publisher={IEEE},
  keywords={non-self-pub}
}
@inproceedings{park2020efficient,
  title={Efficient multi-agent trajectory planning with feasibility guarantee using relative bernstein polynomial},
  author={Park, J. and Kim, J. and Jang, I. and Kim, H. J.},
  booktitle={2020 IEEE International Conference on Robotics and Automation (ICRA)},
  pages={434--440},
  year={2020},
  organization={IEEE},
  keywords={non-self-pub}
}
@inproceedings{choe2015trajectory,
  title={Trajectory generation using spatial pythagorean hodograph b{\'e}zier curves},
  author={Choe, R. and Puig, J. and Cichella, V. and Xargay, E. and Hovakimyan, N.},
  booktitle={AIAA Guidance, Navigation, and Control Conference},
  pages={0597},
  year={2015},
  keywords={non-self-pub}
}
@article{falanga2020dynamic,
  title={Dynamic obstacle avoidance for quadrotors with event cameras},
  author={Falanga, D. and Kleber, K. and Scaramuzza, D.},
  journal={Science Robotics},
  volume={5},
  number={40},
  pages={eaaz9712},
  year={2020},
  publisher={American Association for the Advancement of Science},
  keywords={non-self-pub}
}
@article{penin2018vision,
  title={Vision-based reactive planning for aggressive target tracking while avoiding collisions and occlusions},
  author={Penin, B. and Giordano, P. R. and Chaumette, F.},
  journal={IEEE Robotics and Automation Letters},
  volume={3},
  number={4},
  pages={3725--3732},
  year={2018},
  publisher={IEEE},
  keywords={non-self-pub}
}
@article{loquercio2021learning,
  title={Learning high-speed flight in the wild},
  author={Loquercio, A. and Kaufmann, E. and Ranftl, R. and M{\"u}ller, M. and Koltun, V. and Scaramuzza, D.},
  journal={Science Robotics},
  volume={6},
  number={59},
  pages={eabg5810},
  year={2021},
  publisher={American Association for the Advancement of Science},
  keywords={non-self-pub}
}
@article{loquercio2018dronet,
  title={Dronet: Learning to fly by driving},
  author={Loquercio, A. and Maqueda, A. I. and Del-Blanco, C. R. and Scaramuzza, D.},
  journal={IEEE Robotics and Automation Letters},
  volume={3},
  number={2},
  pages={1088--1095},
  year={2018},
  publisher={IEEE},
  keywords={non-self-pub}
}
@inproceedings{singletary2021comparative,
  title={Comparative analysis of control barrier functions and artificial potential fields for obstacle avoidance},
  author={Singletary, A. and Klingebiel, K. and Bourne, J. and Browning, A. and Tokumaru, P. and Ames, A.},
  booktitle={2021 IEEE/RSJ International Conference on Intelligent Robots and Systems (IROS)},
  pages={8129--8136},
  year={2021},
  organization={IEEE},
  keywords={non-self-pub}
}
@article{wang2017safety,
  title={Safety barrier certificates for collisions-free multirobot systems},
  author={Wang, L. and Ames, A. D. and Egerstedt, M.},
  journal={IEEE Transactions on Robotics},
  volume={33},
  number={3},
  pages={661--674},
  year={2017},
  publisher={IEEE},
  keywords={non-self-pub}
}
@article{khan2022gaussian,
  title={Gaussian Control Barrier Functions: A Non-Parametric Paradigm to Safety},
  author={Khan, M. and Ibuki, T. and Chatterjee, A.},
  journal={arXiv preprint arXiv:2203.15474},
  year={2022},
  keywords={non-self-pub}
}
@inproceedings{zhou2020robust,
  title={Robust real-time uav replanning using guided gradient-based optimization and topological paths},
  author={Zhou, B. and Gao, F. and Pan, J. and Shen, S.},
  booktitle={2020 IEEE International Conference on Robotics and Automation (ICRA)},
  pages={1208--1214},
  year={2020},
  organization={IEEE},
  keywords={non-self-pub}
}
@article{schulman2014motion,
  title={Motion planning with sequential convex optimization and convex collision checking},
  author={Schulman, J. and Duan, Y. and Ho, J. and Lee, A. and Awwal, I. and Bradlow, H. and Pan, J. and Patil, S. and Goldberg, K. and Abbeel, P.},
  journal={The International Journal of Robotics Research},
  volume={33},
  number={9},
  pages={1251--1270},
  year={2014},
  publisher={SAGE Publications Sage UK: London, England},
  keywords={non-self-pub}
}
@article{rosmann2017integrated,
  title={Integrated online trajectory planning and optimization in distinctive topologies},
  author={R{\"o}smann, C. and Hoffmann, F. and Bertram, T.},
  journal={Robotics and Autonomous Systems},
  volume={88},
  pages={142--153},
  year={2017},
  publisher={Elsevier},
  keywords={non-self-pub}
}
@inproceedings{xiao2019control,
  title={Control barrier functions for systems with high relative degree},
  author={Xiao, W. and Belta, C.},
  booktitle={2019 IEEE 58th conference on decision and control (CDC)},
  pages={474--479},
  year={2019},
  organization={IEEE},
  keywords={non-self-pub}
}
@inproceedings{nguyen2016exponential,
  title={Exponential control barrier functions for enforcing high relative-degree safety-critical constraints},
  author={Nguyen, Q. and Sreenath, K.},
  booktitle={2016 American Control Conference (ACC)},
  pages={322--328},
  year={2016},
  organization={IEEE},
  keywords={non-self-pub}
}
@article{ames2016control,
  title={Control barrier function based quadratic programs for safety critical systems},
  author={Ames, A. D. and Xu, X. and Grizzle, J. W. and Tabuada, P.},
  journal={IEEE Transactions on Automatic Control},
  volume={62},
  number={8},
  pages={3861--3876},
  year={2016},
  publisher={IEEE},
  keywords={non-self-pub}
}
@inproceedings{wang2017safe,
  title={Safe certificate-based maneuvers for teams of quadrotors using differential flatness},
  author={Wang, L. and Ames, A. D. and Egerstedt, M-},
  booktitle={2017 IEEE international conference on robotics and automation (ICRA)},
  pages={3293--3298},
  year={2017},
  organization={IEEE},
  keywords={non-self-pub}
}
@inproceedings{hsu2015control,
  title={Control barrier function based quadratic programs with application to bipedal robotic walking},
  author={Hsu, S. C. and Xu, X. and Ames, A. D.},
  booktitle={2015 American Control Conference (ACC)},
  pages={4542--4548},
  year={2015},
  organization={IEEE},
  keywords={non-self-pub}
}
@inproceedings{srinivasan2020synthesis,
  title={Synthesis of control barrier functions using a supervised machine learning approach},
  author={Srinivasan, M. and Dabholkar, A. and Coogan, S. and Vela, P. A.},
  booktitle={2020 IEEE/RSJ International Conference on Intelligent Robots and Systems (IROS)},
  pages={7139--7145},
  year={2020},
  organization={IEEE},
  keywords={non-self-pub}
}
@article{abate2020formal,
  title={Formal synthesis of Lyapunov neural networks},
  author={Abate, A. and Ahmed, D. and Giacobbe, M. and Peruffo, A.},
  journal={IEEE Control Systems Letters},
  volume={5},
  number={3},
  pages={773--778},
  year={2020},
  publisher={IEEE},
  keywords={non-self-pub}
}
@inproceedings{zhao2020synthesizing,
  title={Synthesizing barrier certificates using neural networks},
  author={Zhao, H. and Zeng, X. and Chen, T. and Liu, Z.},
  booktitle={Proceedings of the 23rd International Conference on Hybrid Systems: Computation and Control},
  pages={1--11},
  year={2020},
  keywords={non-self-pub}
}
@article{tsukamoto2020neural,
  title={Neural contraction metrics for robust estimation and control: A convex optimization approach},
  author={Tsukamoto, H. and Chung, S. J.},
  journal={IEEE Control Systems Letters},
  volume={5},
  number={1},
  pages={211--216},
  year={2020},
  publisher={IEEE},
  keywords={non-self-pub}
}
@article{gaby2021lyapunov,
  title={Lyapunov-net: A deep neural network architecture for Lyapunov function approximation},
  author={Gaby, N. and Zhang, F. and Ye, X.},
  journal={arXiv preprint arXiv:2109.13359},
  year={2021},
  keywords={non-self-pub}
}
@inproceedings{castaneda2021gaussian,
  title={Gaussian process-based min-norm stabilizing controller for control-affine systems with uncertain input effects and dynamics},
  author={Casta{\~n}eda, F. and Choi, J. J. and Zhang, B. and Tomlin, C. J. and Sreenath, K.},
  booktitle={2021 American Control Conference (ACC)},
  pages={3683--3690},
  year={2021},
  organization={IEEE},
  keywords={non-self-pub}
}
@inproceedings{khan2021safety,
  title={Safety uncertainty in control barrier functions using gaussian processes},
  author={Khan, M. and Ibuki, T. and Chatterjee, A.},
  booktitle={2021 IEEE International Conference on Robotics and Automation (ICRA)},
  pages={6003--6009},
  year={2021},
  organization={IEEE},
  keywords={non-self-pub}
}
@article{holsclaw2013gaussian,
  title={Gaussian process modeling of derivative curves},
  author={Holsclaw, T. and Sans{\'o}, B. and Lee, H. K. H. and Heitmann, K. and Habib, S. and Higdon, D. and Alam, U.},
  journal={Technometrics},
  volume={55},
  number={1},
  pages={57--67},
  year={2013},
  publisher={Taylor \& Francis},
  keywords={non-self-pub}
}
@article{cadena2016past,
  title={Past, present, and future of simultaneous localization and mapping: Toward the robust-perception age},
  author={Cadena, C. and Carlone, L. and Carrillo, H. and Latif, Y. and Scaramuzza, D. and Neira, J. and Reid, I. and Leonard, J. J.},
  journal={IEEE Transactions on robotics},
  volume={32},
  number={6},
  pages={1309--1332},
  year={2016},
  publisher={IEEE},
  keywords={non-self-pub}
}
@article{gomez2019pl,
  title={PL-SLAM: A stereo SLAM system through the combination of points and line segments},
  author={Gomez-Ojeda, R. and Moreno, F. A. and Zuniga-No{\"e}l, D. and Scaramuzza, D. and Gonzalez-Jimenez, J.},
  journal={IEEE Transactions on Robotics},
  volume={35},
  number={3},
  pages={734--746},
  year={2019},
  publisher={IEEE},
  keywords={non-self-pub}
}
@article{vidal2018ultimate,
  title={Ultimate SLAM? Combining events, images, and IMU for robust visual SLAM in HDR and high-speed scenarios},
  author={Vidal, A. R. and Rebecq, H. and Horstschaefer, T. and Scaramuzza, D.},
  journal={IEEE Robotics and Automation Letters},
  volume={3},
  number={2},
  pages={994--1001},
  year={2018},
  publisher={IEEE},
  keywords={non-self-pub}
}
%%%%%%%%%%%%%%%%%%%%%%%%%%%%%%%%%%%%%%%%%%%%%%%%%%%%

%%% Chapter 8 Citations %%%%%%%%%%%%%%%%%%%%%%%%%%%%%%%%%%%%%%%%%%%%%%%%%%%%
@article{bin2019class,
  title={“Class-Type” Identification-Based Internal Models in Multivariable Nonlinear Output Regulation},
  author={Bin, M. and Marconi, L.},
  journal={IEEE Transactions on Automatic Control},
  volume={65},
  number={10},
  pages={4369--4376},
  year={2019},
  publisher={IEEE},
  keywords={non-self-pub}
}
@article{bin2020model,
  title={Model identification and adaptive state observation for a class of nonlinear systems},
  author={Bin, M. and Marconi, L.},
  journal={IEEE Transactions on Automatic Control},
  volume={66},
  number={12},
  pages={5621--5636},
  year={2020},
  publisher={IEEE},
  keywords={non-self-pub}
}
@article{bin2020approximate,
  title={Approximate nonlinear regulation via identification-based adaptive internal models},
  author={Bin, M. and Bernard, P. and Marconi, L.},
  journal={IEEE Transactions on Automatic Control},
  volume={66},
  number={8},
  pages={3534--3549},
  year={2020},
  publisher={IEEE},
  keywords={non-self-pub}
}
@article{marconi2007output,
  title={Output stabilization via nonlinear Luenberger observers},
  author={Marconi, L. and Praly, L. and Isidori, A.},
  journal={SIAM Journal on Control and Optimization},
  volume={45},
  number={6},
  pages={2277--2298},
  year={2007},
  publisher={SIAM},
  keywords={non-self-pub}
}
@article{o1986automatic,
  title={Automatic smoothing of regression functions in generalized linear models},
  author={O'sullivan, F. and Yandell, B. S. and Raynor Jr, W. J.},
  journal={Journal of the American Statistical Association},
  volume={81},
  number={393},
  pages={96--103},
  year={1986},
  publisher={Taylor \& Francis},
  keywords={non-self-pub}
}
@inproceedings{buisson2021joint,
  title={Joint state and dynamics estimation with high-gain observers and Gaussian process models},
  author={Buisson-Fenet, M. and Morgenthaler, V. and Trimpe, S. and Di Meglio, F.},
  booktitle={2021 American Control Conference (ACC)},
  pages={4027--4032},
  year={2021},
  organization={IEEE},
  keywords={non-self-pub}
}
@article{dai2014scalable,
  title={Scalable kernel methods via doubly stochastic gradients},
  author={Dai, B. and Xie, B. and He, N. and Liang, Y. and Raj, A. and Balcan, M. F. F. and Song, L.},
  journal={Advances in neural information processing systems},
  volume={27},
  year={2014},
  keywords={non-self-pub}
}
@inproceedings{hespanha1999stability,
  title={Stability of switched systems with average dwell-time},
  author={Hespanha, J. P. and Morse, A. S.},
  booktitle={Proceedings of the 38th IEEE conference on decision and control (Cat. No. 99CH36304)},
  volume={3},
  pages={2655--2660},
  year={1999},
  organization={IEEE},
  keywords={non-self-pub}
}
@inproceedings{hespanha2005input,
  title={On input-to-state stability of impulsive systems},
  author={Hespanha, J. P. and Liberzon, D. and Teel, A. R.},
  booktitle={Proceedings of the 44th IEEE Conference on Decision and Control},
  pages={3992--3997},
  year={2005},
  organization={IEEE},
  keywords={non-self-pub}
}
@article{lederer2021uniform,
  title={Uniform error and posterior variance bounds for Gaussian process regression with application to safe control},
  author={Lederer, A. and Umlauft, J. and Hirche, S.},
  journal={arXiv preprint arXiv:2101.05328},
  year={2021},
  keywords={non-self-pub}
}
@book{isidori2003robust,
  title={Robust autonomous guidance: an internal model approach},
  author={Isidori, A. and Marconi, L. and Serrani, A.},
  year={2003},
  publisher={Springer Science \& Business Media},
  keywords={non-self-pub}
}
@article{byrnes2003limit,
  title={Limit sets, zero dynamics, and internal models in the problem of nonlinear output regulation},
  author={Byrnes, C. I and Isidori, A.},
  journal={IEEE Transactions on Automatic Control},
  volume={48},
  number={10},
  pages={1712--1723},
  year={2003},
  publisher={IEEE},
  keywords={non-self-pub}
}
@book{isidori2017lectures,
  title={Lectures in feedback design for multivariable systems},
  author={Isidori, A.},
  year={2017},
  publisher={Springer},
  keywords={non-self-pub}
}
@book{pavlov2006uniform,
  title={Uniform output regulation of nonlinear systems: a convergent dynamics approach},
  author={Pavlov, A. and Van De Wouw, N. and Nijmeijer, H.},
  volume={205},
  year={2006},
  publisher={Springer},
  keywords={non-self-pub}
}
@article{wang2017robust,
  title={Robust output regulation for invertible nonlinear MIMO systems},
  author={Wang, L. and Isidori, A. and Liu, Z. and Su, H.},
  journal={Automatica},
  volume={82},
  pages={278--286},
  year={2017},
  publisher={Elsevier},
  keywords={non-self-pub}
}
@inproceedings{umlauft2017feedback,
  title={Feedback linearization using Gaussian processes},
  author={Umlauft, J. and Beckers, T. and Kimmel, M. and Hirche, S.},
  booktitle={2017 IEEE 56th Annual Conference on Decision and Control (CDC)},
  pages={5249--5255},
  year={2017},
  organization={IEEE},
  keywords={non-self-pub}
}
%%%%%%%%%%%%%%%%%%%%%%%%%%%%%%%%%%%%%%%%%%%%%%%%%%%%

%%% Appendix A Citations %%%%%%%%%%%%%%%%%%%%%%%%%%%%%%%%%%%%%%%%%%%%%%%%%%%%
@book{biagiotti2008trajectory,
  title={Trajectory planning for automatic machines and robots},
  author={Biagiotti, L. and Melchiorri, C.},
  year={2008},
  publisher={Springer Science \& Business Media},
  keywords={non-self-pub}
}
@inproceedings{qin1998general,
  title={General matrix representations for B-splines},
  author={Qin, K.},
  booktitle={Proceedings Pacific Graphics' 98. Sixth Pacific Conference on Computer Graphics and Applications (Cat. No. 98EX208)},
  pages={37--43},
  year={1998},
  organization={IEEE},
  keywords={non-self-pub}
}
@article{farouki2012bernstein,
  title={The Bernstein polynomial basis: A centennial retrospective},
  author={Farouki, R. T.},
  journal={Computer Aided Geometric Design},
  volume={29},
  number={6},
  pages={379--419},
  year={2012},
  publisher={Elsevier},
  keywords={non-self-pub}
}
@book{de1978practical,
  title={A practical guide to splines},
  author={De Boor, C.},
  volume={27},
  year={1978},
  publisher={springer-verlag New York},
  keywords={non-self-pub}
}
@article{tordesillas2020minvo,
  title={MINVO basis: Finding simplexes with minimum volume enclosing polynomial curves},
  author={Tordesillas, J. and How, J. P.},
  journal={arXiv preprint arXiv:2010.10726},
  year={2020},
  keywords={non-self-pub}
}
%%%%%%%%%%%%%%%%%%%%%%%%%%%%%%%%%%%%%%%%%%%%%%%%%%%%

%%% Appendix B Citations %%%%%%%%%%%%%%%%%%%%%%%%%%%%%%%%%%%%%%%%%%%%%%%%%%%%
@inproceedings{rasmussen2003gaussian,
  title={Gaussian processes in machine learning},
  author={Rasmussen, C. E.},
  booktitle={Summer school on machine learning},
  pages={63--71},
  year={2003},
  organization={Springer},
  keywords={non-self-pub}
}
%%%%%%%%%%%%%%%%%%%%%%%%%%%%%%%%%%%%%%%%%%%%%%%%%%%%

%%% Self Publications
@article{gentilini2022adaptive,
  title={Adaptive Nonlinear Regulation via Gaussian Process},
  author={Gentilini, L. and Bin, M. and Marconi, L.},
  journal={arXiv preprint arXiv:2206.12225},
  year={2022},
  keywords={self-pub}
}
@article{azzollini2021uav,
  title={UAV-Based Search and Rescue in Avalanches using ARVA: An Extremum Seeking Approach},
  author={Azzollini, I. A. and Mimmo, N. and Gentilini, L. and Marconi, L.},
  journal={arXiv preprint arXiv:2106.14514},
  year={2021},
  keywords={self-pub}
}
@article{gentilini2022direct,
  title={Direct B\'ezier-Based Trajectory Planner for Improved Local Exploration of Unknown Environments},
  author={Gentilini, L. and Mengoli, D. and Marconi, L.},
  journal={arXiv preprint arXiv:2203.00968},
  year={2022},
  keywords={self-pub}
}
@inproceedings{gentilini2021trajectory,
  title={Trajectory Planning ROS Service for an Autonomous Agricultural Robot},
  author={Gentilini, L. and Rossi, S. and Mengoli, D. and Eusebi, A. and Marconi, L.},
  booktitle={2021 IEEE International Workshop on Metrology for Agriculture and Forestry (MetroAgriFor)},
  pages={384--389},
  year={2021},
  organization={IEEE},
  keywords={self-pub}
}
@article{gentilini2022data,
  title={Data-driven Output Regulation via Gaussian Processes and Luenberger Internal Models},
  author={Gentilini, L. and Bin, M. and Marconi, L.},
  journal={arXiv preprint arXiv:2210.15938},
  year={2022},
  keywords={self-pub}
}
@article{trimarchi2022data,
  title={Data-Driven Analytic Differentiation via High Gain Observers and Gaussian Process Priors},
  author={Trimarchi, B. and Gentilini, L. and Schiano, F. and Marconi, L.},
  journal={arXiv preprint arXiv:2210.15528},
  year={2022},
  keywords={self-pub}
}
@inproceedings{gentilini2022model,
  title={Data-Driven Model Predictive Control for Skid-Steering Unmanned Ground Vehicles},
  author={Gentilini, L. and Mengoli, D. and Rossi, S. and Marconi, L.},
  booktitle={2022 IEEE Workshop on Metrology for Agriculture and Forestry (MetroAgriFor)},
  pages={80--85},
  year={2022},
  organization={IEEE},
  keywords={self-pub}
}
%%%%%%%%%%%%%%%%%%%%%%%%%%%%%%%%%%%%%%%%%%%%%%%%%%%%